<record><leader>00000cas a2200000 a 4500</leader><controlfield tag="001">14239065</controlfield><controlfield tag="008">860919d193u194uvauwr ne      0    0eng d</controlfield><datafield ind1=" " ind2=" " tag="010"><subfield code="a">sn 86064268 </subfield></datafield><datafield ind1=" " ind2=" " tag="040"><subfield code="a">KSH</subfield><subfield code="b">eng</subfield><subfield code="c">KSH</subfield><subfield code="d">NPT</subfield><subfield code="d">NVK</subfield><subfield code="d">OCL</subfield><subfield code="d">OCLCQ</subfield><subfield code="d">OCLCF</subfield><subfield code="d">OCLCO</subfield></datafield><datafield ind1="1" ind2=" " tag="029"><subfield code="a">AU@</subfield><subfield code="b">000020426542</subfield></datafield><datafield ind1=" " ind2=" " tag="042"><subfield code="a">msc</subfield></datafield><datafield ind1=" " ind2=" " tag="043"><subfield code="a">n-us-va</subfield></datafield><datafield ind1="0" ind2="0" tag="245"><subfield code="a">Goochland times.</subfield></datafield><datafield ind1=" " ind2=" " tag="260"><subfield code="a">Goochland, Va. :</subfield><subfield code="b">Quantico Pub. Co.</subfield></datafield><datafield ind1=" " ind2=" " tag="300"><subfield code="a">v.</subfield></datafield><datafield ind1=" " ind2=" " tag="310"><subfield code="a">Weekly</subfield></datafield><datafield ind1=" " ind2=" " tag="500"><subfield code="a">Editor: C.C. Beavers, &lt;1939&gt;.</subfield></datafield><datafield ind1=" " ind2=" " tag="588"><subfield code="a">Description based on: Vol. 2, no. 31 (July 21, 1939).</subfield></datafield><datafield ind1=" " ind2="0" tag="651"><subfield code="a">Goochland (Va.)</subfield><subfield code="v">Newspapers.</subfield></datafield><datafield ind1=" " ind2="0" tag="651"><subfield code="a">Goochland County (Va.)</subfield><subfield code="v">Newspapers.</subfield></datafield><datafield ind1=" " ind2="7" tag="655"><subfield code="a">Newspapers.</subfield><subfield code="2">fast</subfield><subfield code="0">(OCoLC)fst01423814</subfield></datafield><datafield ind1=" " ind2="7" tag="651"><subfield code="a">Virginia</subfield><subfield code="z">Goochland.</subfield><subfield code="2">fast</subfield><subfield code="0">(OCoLC)fst01884903</subfield></datafield><datafield ind1=" " ind2="7" tag="651"><subfield code="a">Virginia</subfield><subfield code="z">Goochland County.</subfield><subfield code="2">fast</subfield><subfield code="0">(OCoLC)fst01209005</subfield></datafield><datafield ind1=" " ind2=" " tag="752"><subfield code="a">United States</subfield><subfield code="b">Virginia</subfield><subfield code="c">Goochland</subfield><subfield code="d">Goochland.</subfield></datafield><datafield ind1="0" ind2="0" tag="780"><subfield code="t">Goochland County times (Goochland, Va. : 1930)</subfield><subfield code="w">(DLC)sn 95079169</subfield></datafield><datafield ind1="0" ind2="0" tag="785"><subfield code="t">Goochland County times (Goochland, Va. : 1942)</subfield><subfield code="w">(DLC)sn 95079168</subfield></datafield></record>